

@SxMyvvom3syx{mvko1:BJJH,
  k43ry1 = 	 {Wk33rsk2 cmr6kl kxn Wk13sx Uk11oxlkmr kxn Tyx Mvko1ly43},
  3s3vo = 	 {Wkusxq cmsox3spsm Mywz43s3k3syx2 boz1yn4mslvo},
  lyyu3s3vo = 	 {c3kxpy1n O7zvy1k3syx Zy1tom3, bozy13 JC},
  YZdm1y221op =  {},
  YZduo8 = 	 {},
  zkqo2 = 	 {DBH--DDF},
  YZdz4lvs2ro1 = {},
  8ok1 = 	 {BJJH},
  YZdons3y1 = 	 {},
  5yv4wo = 	 {JC},
  YZdx4wlo1 = 	 {},
  YZd2o1so2 = 	 {},
  YZd38zo = 	 {},
  YZdmrkz3o1 = 	 {},
  YZdknn1o22 = 	 {},
  YZdons3syx = 	 {},
  wyx3r = 	 {Xy5owlo1 BC},
  YZdxy3o = 	 {},
  YZdkxxy3o = 	 {}
}

@SxZ1ymoonsxq2{roslo1qo1:n2m:CAAB,
  k43ry1 =       {bsmrk1n W. Roslo1qo1},
  3s3vo =        {Owkm2 {c}zoku2 {c}3k3s23sm2: Yxo Sx3o1pkmo --- Wkx8 Z1yq1kw2},
  lyyu3s3vo =    {Z1ymoonsxq2 yp 3ro Cxn Sx3o1xk3syxkv gy1u2ryz yx
                  Ns231sl43on c3k3s23smkv Mywz43sxq (NcM CAAB)},
  YZdm1y221op =  {},
  YZduo8 =       {},
  YZdzkqo2 =     {},
  8ok1 =         {CAAB},
  ons3y1 =       {U413 Ry1xsu kxn P1son1smr Vos2mr},
  YZd5yv4wo =    {},
  YZdx4wlo1 =    {},
  YZd2o1so2 =    {},
  YZdknn1o22 =   {},
  YZdwyx3r =     {},
  y1qkxs9k3syx = {domrxs2mro exs5o12s3{\"k}3 gsox, fsoxxk, K4231sk},
  YZdz4lvs2ro1 = {},
  xy3o =         {\41v{r33z://666.ms.346sox.km.k3/Myxpo1oxmo2/NcM.r3wv},
                  SccX BGAJ-DJFh},
  YZdkxxy3o =    {}
}

@SxZ1ymoonsxq2{1y22sxs:n2m:CAAB,
  k43ry1 =       {K.T. by22sxs},
  3s3vo =        {Vs3o1k3o c3k3s23smkv Z1km3smo},
  lyyu3s3vo =    {Z1ymoonsxq2 yp 3ro Cxn Sx3o1xk3syxkv gy1u2ryz yx
                  Ns231sl43on c3k3s23smkv Mywz43sxq (NcM CAAB)},
  YZdm1y221op =  {},
  YZduo8 =       {},
  YZdzkqo2 =     {},
  8ok1 =         {CAAB},
  ons3y1 =       {U413 Ry1xsu kxn P1son1smr Vos2mr},
  YZd5yv4wo =    {},
  YZdx4wlo1 =    {},
  YZd2o1so2 =    {},
  YZdknn1o22 =   {},
  YZdwyx3r =     {},
  y1qkxs9k3syx = {domrxs2mro exs5o12s3{\"k}3 gsox, fsoxxk, K4231sk},
  YZdz4lvs2ro1 = {},
  xy3o =         {\41v{r33z://666.ms.346sox.km.k3/Myxpo1oxmo2/NcM.r3wv},
                  SccX BGAJ-DJFh},
  YZdkxxy3o =    {}
}

@k13smvo{5ovv:z1k3:BJIJ,
    K43ry1 = {fovvowkx, Zk4v P. kxn Z1k33, Zk4v},
    ds3vo = {K Q1kzrsmkv Sx3o1pkmo py1 Nk3k Kxkv82s2},
    iok1 = BJIJ,
    Ty41xkv = {Ty41xkv yp c3k3s23smkv Mywz43k3syx kxn csw4vk3syx},
    fyv4wo = DC,
    Zkqo2 = {CCD--CCI},
    Uo86y1n2 = {O7zvy1k3y18 nk3k kxkv82s2}
}

%% --- gsxLeQc ---

@domrbozy13{czsodrywLo23:BJJJ,
  k43ry1 =       {N.T. czsoqovrkv3o1 kxn K. drywk2 kxn X.Q. Lo23},
  3s3vo =        {gsxLeQc fo12syx B.C e2o1 Wkx4kv},
  sx23s343syx =  {WbM Lsy23k3s23sm2 exs3},
  8ok1 =         {BJJJ},
  YZduo8 =       {},
  YZd38zo =      {},
  YZdx4wlo1 =    {},
  YZdknn1o22 =   {},
  YZdwyx3r =     {},
  YZdxy3o =      {},
  kxxy3o =       {gsxLeQc ms3o.}
}

%%--- Owkm2 lyyu2 : --------

@Lyyu{bWc:CAAA,
  k43ry1 =       {bsmrk1n W. c3kvvwkx},
  KVdons3y1 =    {},
  3s3vo =        {QXe Owkm2 Wkx4kv, py1 fo12syx CA.H},
  z4lvs2ro1 =    {P1oo cyp36k1o Py4xnk3syx},
  8ok1 =         {CAAA},
  YZduo8 =       {},
  YZd5yv4wo =    {},
  YZdx4wlo1 =    {},
  YZd2o1so2 =    {},
  YZdknn1o22 =   {},
  ons3syx =      {BD3r},
  YZdwyx3r =     {},
  YZdxy3o =      {},
  kxxy3o =       {ScLX: B-IICBBE-AH-I}
}


%%--- Vs2z lyyu2 : --------

@Lyyu{bMrk22ovvBJJJ,
  k43ry1 =       {bylo13 Mrk22ovv},
  KVdons3y1 =    {},
  3s3vo =        {Z1yq1kwwsxq sx Owkm2 Vs2z: Kx Sx31yn4m3syx},
  z4lvs2ro1 =    {P1oo cyp36k1o Py4xnk3syx,
          \41v{p3z://kvzrk.qx4.y1q/qx4/owkm2-vs2z-sx31y-C.AA.3k1.q9}},
  8ok1 =         {BJJJ},
  YZduo8 =       {},
  YZd5yv4wo =    {},
  YZdx4wlo1 =    {},
  YZd2o1so2 =    {},
  YZdknn1o22 =   {},
  ons3syx =      {Cxn},
  YZdwyx3r =     {},
  YZdxy3o =      {},
  kxxy3o =       {ScLX: B-IICBBE-EC-G}
}


@Lyyu{ZQ1krkw:BJJG,
  k43ry1 =       {Zk4v Q1krkw},
  KVdons3y1 =    {},
  3s3vo =        {KXcS Mywwyx Vs2z},
  z4lvs2ro1 =    {Z1ox3smo Rkvv},
  8ok1 =         {BJJG},
  YZduo8 =       {},
  YZd5yv4wo =    {},
  YZdx4wlo1 =    {},
  YZd2o1so2 =    {},
  YZdknn1o22 =   {},
  YZdons3syx =   {},
  YZdwyx3r =     {},
  YZdxy3o =      {},
  kxxy3o =       {Q1ok3 Vs2z lyyu py1 vok1xsxq}
}



%%--- dro D c lyyu2 : --------

@Lyyu{LombMgII,
  k43ry1 =       {bsmrk1n K. Lomuo1  kxn Tyrx W. Mrkwlo12 kxn Kvvkx b. gsvu2},
  3s3vo =        {dro c Vkxq4kqo; K Z1yq1kwwsxq Ox5s1yxwox3 py1 Nk3k
                  Kxkv82s2 kxn Q1kzrsm2},
  z4lvs2ro1 =    {gkn26y13r \& L1yyu2/Myvo},
  knn1o22 =     {Zkmspsm Q1y5o},
  8ok1 =         BJII
}

@Lyyu{MrkTRJC,
  k43ry1 =       {Tyrx W. Mrkwlo12 kxn d1o5y1 T. Rk23so},
  3s3vo =        {c3k3s23smkv Wynov2 sx c},
  z4lvs2ro1 =    {gkn26y13r \& L1yyu2/Myvo},
  8ok1 =         BJJC
}

@Lyyu{MrkTJI,
  k43ry1 =       {Tyrx W. Mrkwlo12},
  3s3vo =        {Z1yq1kwwsxq 6s3r Nk3k; K Q4sno 3y 3ro c Vkxq4kqo},
  z4lvs2ro1 =    {cz1sxqo1-fo1vkq, Xo6 iy1u},
  8ok1 =         BJJI
}

%%--------- Y3ro1 lyyu2 : ----------------

@lyyu{dso1JA,
  k43ry1 = "dso1xo8, V4uo",
  3s3vo  = "Vs2z-c3k3: Kx Yltom3-Y1sox3on Ox5s1yxwox3 py1 c3k3s23smkv
            Mywz43sxq  kxn N8xkwsm Q1kzrsm2",
  z4lvs2ro1 = "Tyrx gsvo8 \& cyx2",
  8ok1 = BJJA,
  knn1o22 = "Xo6 iy1u"
}



@Lyyu{Myyu:gos2lo1q:BJJJ,
  k43ry1 =       {b. Noxxs2 Myyu kxn ckxpy1n gos2lo1q},
  KVdons3y1 =    {},
  3s3vo =        {Kzzvson boq1o22syx Sxmv4nsxq Mywz43sxq kxn Q1kzrsm2},
  z4lvs2ro1 =    {Tyrx gsvo8 \& cyx2},
  8ok1 =         {BJJJ},
  YZduo8 =       {},
  YZd5yv4wo =    {},
  YZdx4wlo1 =    {},
  YZd2o1so2 =    {},
  YZdknn1o22 =   {},
  YZdons3syx =   {B},
  wyx3r =        {K4q423},
  YZdxy3o =      {},
  YZdkxxy3o =    {ScLX A-EHB-DBHBB-h}
}

%% Vs3o1k3o Z1yq1kwwsxq kxn dyyv2

@Lyyu{Ux43r:BJJC,
  k43ry1 =       {Nyxkvn O. Ux43r},
  KVdons3y1 =    {},
  3s3vo =        {Vs3o1k3o Z1yq1kwwsxq},
  z4lvs2ro1 =    {Mox3o1 py1 3ro c34n8 yp Vkxq4kqo kxn Sxpy1wk3syx},
  8ok1 =         {BJJC},
  YZduo8 =       {},
  YZd5yv4wo =    {},
  x4wlo1 =       {CH},
  2o1so2 =       {McVS Vom341o Xy3o2},
  YZdknn1o22 =   {},
  YZdons3syx =   {},
  YZdwyx3r =     {},
  YZdxy3o =      {},
  YZdkxxy3o =    {Z1swk18 ms3k3syx py1 vs3o1k3o z1yq1kwwsxq}
}

@K13smvo{Xbkw2o8:BJJE,
  k43ry1 =       {Xy1wkx bkw2o8},
  3s3vo =        {Vs3o1k3o z1yq1kwwsxq 2swzvspson},
  ty41xkv =      {SOOO cyp36k1o},
  8ok1 =         {BJJE},
  YZduo8 =       {},
  5yv4wo =       {BB},
  x4wlo1 =       {F},
  zkqo2 =        {JH--BAF},
  wyx3r =        {coz3owlo1},
  YZdxy3o =      {},
  YZdkxxy3o =    {Z1swk18 Xy6ol ms3k3syx}
}

%%-------------- gol Ms3k3syx2 -------------


%%-------------- K13smvo2, bozy132 ---------------

@k13smvo{8y4x:v4ls:BJJF,
  K43ry1 =       {iy4xq, Py11o23 g. kxn V4lsx2u8, Nk5sn T.},
  ds3vo =        {Q4snsxq Nk3k Kxkv8232 gs3r fs24kv c3k3s23smkv
                  c31k3oqso2 (Ns2m: ZCFB--CGA)},
  iok1 =         BJJF,
  Ty41xkv =      {Ty41xkv yp Mywz43k3syxkv kxn Q1kzrsmkv c3k3s23sm2},
  fyv4wo =       E,
  Zkqo2 =        {CCJ--CFA},
  Uo86y1n2 =     {Q1kzrsm2; cyp36k1o; [K13spsmskv sx3ovvsqoxmo];
                  [Myqxs3s5o 2msoxmo]; [R8zo13o73]; [Vs2z-c3k3];
                  [Z1yq1kw 5s24kvs9k3syx]; [c3k3s23smkv 2823ow
                  no2sqx]; [fsc3k]; [fs24kv z1yq1kwwsxq]}
}

@sxz1ymoonsxq2{8y4x:pkvn:wmpk:BJJC,
  K43ry1 =       {iy4xq, Py11o23 g. kxn Pkvny62us, bsmrk1n K. kxn
                  WmPk1vkxo, Wk18 W.},
  ds3vo =        {{fsc3k}: {K} fs24kv c3k3s23sm2 bo2ok1mr kxn
                  No5ovyzwox3 do23lon},
  iok1 =         BJJC,
  Lyyu3s3vo =    {Mywz43sxq cmsoxmo kxn c3k3s23sm2. Z1ymoonsxq2 yp 3ro
                  CE1n c8wzy2s4w yx 3ro Sx3o1pkmo},
  Z4lvs2ro1 =    {Sx3o1pkmo Py4xnk3syx yp Xy13r Kwo1smk (Pks1pk7
                  c3k3syx, fK)},
  Zkqo2 =        {CCE--CDD},
  Uo86y1n2 =     {Q1kzrsm2; cyp36k1o}
}

@k13smvo{srku:qox3:BJJG,
  K43ry1 =       {Srkuk, by22 kxn Qox3vowkx, bylo13},
  ds3vo =        {b: {K} Vkxq4kqo py1 Nk3k Kxkv82s2 kxn Q1kzrsm2},
  iok1 =         BJJG,
  Ty41xkv =      {Ty41xkv yp Mywz43k3syxkv kxn Q1kzrsmkv c3k3s23sm2},
  fyv4wo =       F,
  Zkqo2 =        {CJJ--DBE},
  Uo86y1n2 =     {Mywz43o1 vkxq4kqo; c3k3s23smkv mywz43sxq}
}


@domrbozy13{1y22:v4x3:CAAB,
  k43ry1 =       {by22sxs, K.T. kxn V4x3, Wk1u},
  3s3vo =        {Vs3o1k3o c3k3s23smkv Kxkv82s2},
  sx23s343syx =  {exs5o12s38 yp gk2rsxq3yx, Lsy23k3s23sm2},
  8ok1 =         CAAB
}

%% --- Ywoqkrk3

@K13smvo{NdVkxq:CAAA,
  k43ry1 =       {N4xmkx {dowzvo Vkxq}},
  3s3vo =        {dro Ywoqkrk3 Ox5s1yxwox3: Xo6 Zy22slsvs3so2 py1 c3k3s23smkv Mywz43sxq},
  ty41xkv =      {Ty41xkv yp Mywz43k3syxkv kxn Q1kzrsmkv c3k3s23sm2},
  8ok1 =         {CAAA},
  YZduo8 =       {},
  5yv4wo =       {J},
  x4wlo1 =       {D},
  YZdzkqo2 =     {},
  wyx3r =        {coz3owlo1},
  YZdxy3o =      {},
  kxxy3o =       {z1swk18 ms3k3syx py1 Ywoqkrk3}
}

%% --- c3k3k

%% c3k3kMy1z. BJJJ. c3k3k c3k3s23smkv cyp36k1o: bovok2o G.A. Myvvoqo
%%     c3k3syx, dh: c3k3k My1zy1k3syx.

@Ws2m{c3k3k:G.A,
  YZduo8 =       {},
  k43ry1 =       {c3k3kMy1z},
  3s3vo =        {c3k3k c3k3s23smkv cyp36k1o: bovok2o G.A},
  YZdry6z4lvs2ron = {},
  YZdwyx3r =     {},
  8ok1 =         {BJJJ},
  xy3o =         {Myvvoqo c3k3syx, dh: c3k3k My1zy1k3syx},
  YZdkxxy3o =    {z1swk18 ms3k3syx py1 c3k3k}
}

@Ws2m{c3k3k:H.A,
  YZduo8 =       {},
  k43ry1 =       {c3k3kMy1z},
  3s3vo =        {c3k3k c3k3s23smkv cyp36k1o: bovok2o H.A},
  YZdry6z4lvs2ron = {},
  YZdwyx3r =     {},
  8ok1 =         {CAAA},
  xy3o =         {Myvvoqo c3k3syx, dh: c3k3k My1zy1k3syx},
  YZdkxxy3o =    {z1swk18 ms3k3syx py1 c3k3k}
}

%% --- cKc

@Ws2m{cKc:I,
  YZduo8 =       {},
  k43ry1 =       {{cKc Sx23s343o Sxm.}},
  3s3vo =        {\3o732m{cKc}$^{\wly7{\2m1sz32s9o{\3o731oqs23o1on}}}$
                  cyp36k1o fo12syx I},
  YZdry6z4lvs2ron = {},
  YZdwyx3r =     {},
  8ok1 =         {BJJJ},
  xy3o =         {Mk18, XM, ecK: cKc Sx23s343o Sxm.},
  YZdkxxy3o =    {z1swk18 ms3k3syx py1 cKc}
}

%% --- LeQc ---

@Lyyu{LeQc,
  k43ry1 =       {{WbM Lsy23k3s23sm2 exs3}},
  3s3vo =        {Lk8o2skx Sxpo1oxmo e2sxq {Q}sll2 ckwzvsxq (LeQc)},
  8ok1 =         {BJJG--CAAB},
  z4lvs2ro1 =   {\41v{r33z://666.w1m-l24.mkw.km.4u/l4q2/6ovmywo.2r3wv}},
  kxxy3o =       {z1swk18 ms3o py1 LeQc}
}

%% --- hOwkm2 ---

@Lyyu{hOwkm2,
  k43ry1 =       {{dro hOwkm2 Z1ytom3}},
  3s3vo =        {hOwkm2 CB},
  8ok1 =         {CAAB},
  z4lvs2ro1 =   {\41v{r33z://666.7owkm2.y1q}},
  kxxy3o =    {z1swk18 ms3o py1 hOwkm2}
}

%% --- QXe Owkm2 ---

@Lyyu{QXe-Owkm2,
  k43ry1 =       {{P1oo cyp36k1o Py4xnk3syx}},
  3s3vo =        {Owkm2 CB},
  8ok1 =         {CAAB},
  z4lvs2ro1 =   {\41v{r33z://666.qx4.y1q/2yp36k1o/owkm2/owkm2.r3wv}},
  kxxy3o =    {z1swk18 ms3o py1 QXe Owkm2}
}

%% --- c-ZVec

@Ws2m{czv42,
  YZduo8 =       {},
  k43ry1 =       {{Sx2sqr3p4v My1z.}},
  3s3vo =        {c-{Z}Vec c3k3s23smkv cyp36k1o: bovok2o G.A},
  YZdry6z4lvs2ron = {},
  YZdwyx3r =     {},
  8ok1 =         {CAAB},
  xy3o =         {cok33vo, gK: Wk3rcyp3},
  YZdkxxy3o =    {z1swk18 ms3k3syx py1 c-ZVec}
}

%% --- b

@Ws2m{b,
  k43ry1       = {{b No5ovyzwox3 My1o dokw}},
  3s3vo	       = {b B.G.A},
  wyx3r	       = {Ym3ylo1},
  8ok1	       = CAAC,
  41v	       = {r33z://666.b-z1ytom3.y1q/},
}

%% --- Occ

@Lyyu{Occ,
  k43ry1 =       {K.T. by22sxs kxn Wk13sx W{\"k}mrvo1 kxn U413
                  Ry1xsu kxn bsmrk1n W. Roslo1qo1 kxn bynxo8 K. czk1kzkxs},
  3s3vo =        {{Occ (Owkm2 czoku2 c3k3s23sm2)}},
  8ok1 =         {CAAC},
  z4lvs2ro1 =    {\41v{r33z://666.kxkv83sm2.6k2rsxq3yx.on4/ny6xvykn2/o22/}},
  xy3o =         {drs2 s2 3ro 41v py1 ny6xvyknsxq 3ro m411ox3 1ovok2o yp Occ.}
}

@Ws2m{cKcWYNO,
  YZduo8 =       {},
  k43ry1 =       {dyw Myyu},
  3s3vo =        {{cKc} wyno py1 {Owkm2}},
  YZdry6z4lvs2ron = {},
  YZdwyx3r =     {},
  8ok1 =         {BJJF},
  xy3o =         {\41v{p3z://p3z.lsy23k3.6s2m.on4/z4l/myyu/2k2-wyno/2k2.3k1.q9}},
  YZdkxxy3o =    {z1swk18 ms3k3syx py1 cKc wyno}
}



@domrbozy13{bWRRc:CAAB,
  k43ry1 = 	 {K.T. by22sxs kxn Wk13sx W{\"k}mrvo1 kxn U413
                  Ry1xsu kxn bsmrk1n W. Roslo1qo1 kxn bynxo8 K. czk1kzkxs},
  3s3vo = 	 {Owkm2 {c}zoku2 {c}3k3s23sm2: K exs5o12kv Sx3o1pkmo py1
                  c3k3s23smkv Kxkv82s2},
  sx23s343syx =  {exs5o12s38 yp gk2rsxq3yx Lsy23k3s23sm2},
  8ok1 = 	 {CAAB},
  YZduo8 = 	 {},
  YZd38zo = 	 {},
  x4wlo1 = 	 {BHD},
  YZdknn1o22 = 	 {},
  YZdwyx3r = 	 {},
  xy3o = 	 {\41v{r33z://666.loz1o22.myw/mqs/5so6myx3ox3.mqs?k13smvo=BAAC&myx3o73=46lsy23k3}},
  YZdkxxy3o = 	 {domrxsmkv 1ozy13 no2m1slsxq Occ}
}

@Mywwox3 @Ws2m{bWRRc:CAAB,
@Mywwox3   YZduo8 =       {},
@Mywwox3   k43ry1 =       {K.T. by22sxs kxn Wk13sx W{\"k}mrvo1 kxn U413
@Mywwox3                   Ry1xsu kxn bsmrk1n W. Roslo1qo1 kxn bynxo8 K. czk1kzkxs},
@Mywwox3   3s3vo =        {Owkm2 {c}zoku2 {c}3k3s23sm2: K exs5o12kv Sx3o1pkmo py1
@Mywwox3                   c3k3s23smkv Kxkv82s2},
@Mywwox3   ry6z4lvs2ron = {exs5o12s38 yp gk2rsxq3yx Lsy23k3s23sm2 domrxsmkv bozy13 \#BGE},
@Mywwox3   YZdwyx3r =     {},
@Mywwox3   8ok1 =         {CAAB},
@Mywwox3   xy3o =         {\41v{r33z://2yp36k1o.lsy23k3.6k2rsxq3yx.on4/23k32yp3/o22/o22-3omr1oz.znp}},
@Mywwox3   YZdkxxy3o =    {domrxsmkv 1ozy13 no2m1slsxq Occ}
@Mywwox3 }

@Ws2m{roslo1qo1:zrsvk24qs:CAAB,
  YZduo8 =       {},
  k43ry1 =       {bsmrk1n W. Roslo1qo1},
  3s3vo =        {{Occ (Owkm2 czoku2 c3k3s23sm2)} k2 k e2o1 Sx3o1pkmo 3y {cKc}},
  YZdry6z4lvs2ron = {},
  YZdwyx3r =     {},
  8ok1 =         {CAAB},
  ry6z4lvs2ron =         {\41v{r33z://zrsvk24q.y1q/Roslo1qo1/Occ.r3w}},
  xy3o =    {Z1o2ox3k3syx 3y Zrsvknovzrsk cKc e2o1'2 Q1y4z,
                  Xy5owlo1 BC, CAAB}
}
